@article{merkle,
  author = {R. C. Merkle},
  title = {One Way Hash Functions and DES},
  journal = {Crypto’89},
  year = {1989},
  volume = {435},
  pages = {428-446},
}

@article{damgard,
  author = {I. Damgård},
  title = {A Design Principle for Hash Functions},
  journal = {Crypto’89},
  year = {1989},
  volume = {435},
  pages = {416-427},
}

@article{merkle_damgard_alternatives_review,
  author = {Harshvardhan Tiwari},
  title = {Merkle-Damgård Construction Method and Alternatives: A Review},
  journal = {Journal of Information and Organizational Sciences},
  year = {2017},
  volume = {41},
  issue = {2},
  pages = {283--304},
  doi = {10.31341/jios.41.2.9},
}

@online{rust-t1ha,
    author = {Flier Lu},
    title = {rust-t1ha},
    year = {2019},
    url = {https://github.com/flier/rust-t1ha},
    note = {GitHub repository},
}